@article{gauglitz2011evaluation,
	title={Evaluation of interest point detectors and feature descriptors for visual tracking},
	author={Gauglitz, Steffen and H{\"o}llerer, Tobias and Turk, Matthew},
	journal={International journal of computer vision},
	volume={94},
	number={3},
	pages={335},
	year={2011},
	publisher={Springer}
}
@article{lowe2004distinctive,
	title={Distinctive image features from scale-invariant keypoints},
	author={Lowe, David G},
	journal={International journal of computer vision},
	volume={60},
	number={2},
	pages={91--110},
	year={2004},
	publisher={Springer}
}
@inproceedings{bay2006surf,
	title={Surf: Speeded up robust features},
	author={Bay, Herbert and Tuytelaars, Tinne and Van Gool, Luc},
	booktitle={European conference on computer vision},
	pages={404--417},
	year={2006},
	organization={Springer}
}

@article{royden2012use,
	title={Use of speed cues in the detection of moving objects by moving observers},
	author={Royden, Constance S and Moore, Kathleen D},
	journal={Vision research},
	volume={59},
	pages={17--24},
	year={2012},
	publisher={Elsevier}
}
@article{horn1981determining,
	title={Determining optical flow},
	author={Horn, Berthold KP and Schunck, Brian G},
	journal={Artificial intelligence},
	volume={17},
	number={1-3},
	pages={185--203},
	year={1981},
	publisher={Elsevier}
}

@article{delon2010stabilization,
	title={Stabilization of flicker-like effects in image sequences through local contrast correction},
	author={Delon, Julie and Desolneux, Agnes},
	journal={SIAM Journal on Imaging Sciences},
	volume={3},
	number={4},
	pages={703--734},
	year={2010},
	publisher={SIAM}
}
@article{delon2004midway,
	title={Midway image equalization},
	author={Delon, Julie},
	journal={Journal of Mathematical Imaging and Vision},
	volume={21},
	number={2},
	pages={119--134},
	year={2004},
	publisher={Springer}
}
@inproceedings{galvin1998recovering,
	title={Recovering Motion Fields: An Evaluation of Eight Optical Flow Algorithms.},
	author={Galvin, Ben and McCane, Brendan and Novins, Kevin and Mason, David and Mills, Steven and others},
	booktitle={BMVC},
	volume={98},
	pages={195--204},
	year={1998}
}
@inproceedings{barron1992performance,
	title={Performance of optical flow techniques},
	author={Barron, John L and Fleet, David J and Beauchemin, Steven S and Burkitt, TA},
	booktitle={Proceedings 1992 IEEE Computer Society Conference on Computer Vision and Pattern Recognition},
	pages={236--242},
	year={1992},
	organization={IEEE}
}
@article{viola2001rapid,
	title={Rapid object detection using a boosted cascade of simple features},
	author={Viola, Paul and Jones, Michael and others},
	journal={CVPR (1)},
	volume={1},
	number={511-518},
	pages={3},
	year={2001}
}
@article{tuytelaars2008local,
	title={Local invariant feature detectors: A survey},
	author={Tuytelaars, Tinne and Mikolajczyk, Krystian and others},
	journal={Foundations and trends{\textregistered} in computer graphics and vision},
	volume={3},
	number={3},
	pages={177--280},
	year={2008},
	publisher={Now Publishers, Inc.}
}
@techreport{klt1991,
	title={Detection and Tracking of Point Features},
	author={Tomasi, C. and Kanade, T.},
	booktitle={Technical Report CMU-CS-91-132},
	year={1991},
	month={04}
	}
@article{tomasi2017tracking,
	title={Tracking Point Features},
	author={Tomasi, Carlo},
	year={2017}
}
@article{lucas1981iterative,
	title={An iterative image registration technique with an application to stereo vision},
	author={Lucas, Bruce D and Kanade, Takeo and others},
	year={1981},
	publisher={Vancouver, British Columbia}
}
@techreport{shi1993good,
	title={Good features to track},
	author={Shi, Jianbo and Tomasi, Carlo},
	year={1993},
	institution={Cornell University}
}
@article{rojas2010lucas,
	title={Lucas-kanade in a nutshell},
	author={Rojas, Ra{\'u}l},
	journal={Freie Universit at Berlinn, Dept. of Computer Science, Tech. Rep},
	year={2010}
}
@article{bouguet2001pyramidal,
	title={Pyramidal implementation of the affine lucas kanade feature tracker description of the algorithm},
	author={Bouguet, Jean-Yves and others},
	journal={Intel Corporation},
	volume={5},
	number={1-10},
	pages={4},
	year={2001}
}
@inproceedings{harris1988combined,
	title={A combined corner and edge detector.},
	author={Harris, Christopher G and Stephens, Mike and others},
	booktitle={Alvey vision conference},
	volume={15},
	number={50},
	pages={10--5244},
	year={1988},
	organization={Citeseer}
}
@manual{itseez2019theopencv,
	title = {The OpenCV Reference Manual},
	author = {Itseez},
	edition = {4.1.1},
	month = {July},
	year = {2019},
	notes = {See \url{http://opencv.org/}}
}